<?xml version="1.0" encoding="UTF-8"?><collection xmlns="http://www.loc.gov/MARC21/slim"><record><leader>00456nam--2200133-i-4500</leader><controlfield tag="001">000014366</controlfield><controlfield tag="002">20161230</controlfield><controlfield tag="005">20161230201030</controlfield><controlfield tag="008">060222s1000------------r-----000-0-eng-d</controlfield><datafield ind1=" " ind2=" " tag="245"><subfield code="a">Numerical analysis of semiconductor devices. proceedings of the naseconde i conference held at trinity college, dublin, from 27th to 29 th june, 1979</subfield></datafield><datafield ind1=" " ind2=" " tag="260"><subfield code="a">Dublin, Boole Press, 1979</subfield></datafield><datafield ind1=" " ind2=" " tag="490"><subfield code="a">Proceedings</subfield></datafield><datafield ind1=" " ind2=" " tag="700"><subfield code="a">Browne, B.T</subfield></datafield><datafield ind1=" " ind2=" " tag="852"><subfield code="a">621.3.049.774:519.6(061.3)</subfield></datafield></record></collection>